2790 4824
152 265 199 329 xit
612 289 731 304 --

154 448 258 511 ieetae
284 459 413 524 essent,
448 442 589 531 pagellis
607 446 818 511 adnotatione
848 466 942 512 rnanu
972 471 1032 514 sua
1055 453 1196 520 instrue·

156 560 220 636 tis,
250 557 411 625 libellum
430 557 641 654 amplissima
661 559 746 624 dote
770 559 931 636 donanim
943 565 1047 628 adso
1064 567 1195 653 quidem

84 724 87 729 Α
155 672 350 759 diligenter,
375 683 410 738 ut
428 691 492 753 non
514 669 652 736 absurda
672 671 822 736 videatur
837 674 968 759 opinio,
991 671 1099 763 ipsum
1112 681 1199 752 bunc

155 790 261 854 sunm
279 806 394 859 novam
410 781 546 870 Quaroli
573 785 748 854 editionem
769 787 875 852 animo
895 794 1152 879 concepisse..
1198 839 1202 852 .

200 903 312 987 ltaque
342 920 403 964 non
428 899 549 963 iniuria
573 897 656 964 mihi
682 900 795 964 videor
820 901 1017 986 peculiarem
1040 911 1198 997 quandam

153 1017 286 1082 laudare
305 1033 408 1087 suesm
420 1010 631 1089 felicitatem,
656 1014 740 1099 quod
754 1012 841 1080 huuc
859 1013 1005 1084 libellum
1017 1067 1028 1102 ,
1043 1024 1217 1091 tentorii..

111 1116 114 1121 ’
153 1130 350 1195 notationum
386 1139 512 1192 auctum
544 1123 707 1227 cumulo,
732 1149 804 1194 cum
836 1138 926 1216 esset
950 1131 1010 1198 ille
1039 1136 1199 1204 inlibris

152 1356 350 1428 liberalitate
379 1359 415 1422 in
446 1377 542 1422 nsum
564 1371 749 1445 convertere
772 1357 855 1422 mihi
874 1358 1018 1428 licuerit.
1038 1378 1083 1421 ε-ἰ-
1096 1412 1101 1423 .
1116 1361 1207 1429 Ne·-

102 1473 104 1477 ’
154 1495 217 1560 que
241 1474 340 1539 etiam
361 1470 422 1537 hae
450 1469 538 1537 solae
553 1471 645 1537 fuere
667 1493 713 1536 ex
730 1489 768 1550 eo
781 1493 900 1559 genere
914 1478 1100 1564 suppetiae,
1116 1500 1206 1565 qnae

152 1585 238 1653 mihi
267 1584 391 1653 adlatae
423 1585 501 1668 sint,
557 1581 704 1673 Namque
730 1587 862 1675 insuper
885 1589 928 1654 ad
953 1574 1081 1657 manum
1103 1593 1203 1658 luere,

154 1700 236 1767 alia
253 1699 315 1765 duo
344 1700 500 1766 editionis
534 1696 817 1767 Rittersbusianae
833 1701 1066 1790 exemplaria,
1081 1706 1207 1784 itidem.

150 1815 248 1882 manu
287 1816 433 1882 exaratis
469 1813 727 1880 adnotationibus
766 1831 882 1894 aucta,
931 1816 1062 1904 qnorum
1101 1841 1206 1885 unum

152 1931 307 2017 quidem,
330 1950 374 1995 ex
394 1927 563 1995 Leidensi
576 1925 971 2013 Academiapmisctum,
993 1953 1054 1997 nec
1074 1931 1207 2012 molta,

152 2068 234 2135 quae
256 2046 332 2109 usui
357 2039 491 2120 essent,
515 2040 708 2128 praebebat,
732 2061 838 2130 nequa
862 2064 976 2114 nomen
996 2043 1090 2111 illius
1105 2089 1126 2125 ,,
1140 2048 1215 2137 qui¹

151 2158 373 2232 adnotationes
416 2156 665 2242 adscripserat,¹
690 2154 895 2250 'exhibebatt
932 2156 1068 2224 altarum
1084 2180 1204 2239 mero,

152 2273 236 2358 qnod
275 2270 418 2336 elibris
443 2270 693 2355 exoptatissimi
730 2271 969 2357 praeceptoris,
1012 2271 1204 2358 Lennepii,

153 2385 239 2452 mihi
257 2385 485 2451 commodatum
505 2396 573 2460 est,
574 2384 751 2473 pretiosis
766 2385 995 2452 doctissimi
963 2386 1029 2452 viri
1041 2405 1076 2451 ιι.
1090 2408 1204 2453 ιιοιιιιι.

153 2499 484 2570 animadversionibus
512 2497 710 2565 illustratum
731 2513 854 2566 erat..

202 2614 371 2681 Caeterum
400 2613 486 2681 haud
509 2612 737 2703 negligendae
752 2612 849 2678 nobis
872 2614 962 2680 visae
985 2615 1115 2678 suntin
1135 2558 1198 2681 boe

156 2744 341 2815 argumento
368 2729 591 2794 adnotationes
619 2742 651 2795 et
678 2729 901 2806 coniecturae,
927 2727 1044 2816 quibus
1069 2749 1196 2814 germa-

153 2864 228 2909 nam
274 2839 410 2929 Queroli
456 2843 644 2929 scripturam
693 2856 934 2928 repraesentare
965 2843 1087 2910 ,conati
1121 2859 1198 2909 sunt

153 2955 355 3033 Gronovius,
381 2951 584 3032 Salmasius,
609 2954 732 3042 aliique
755 2958 820 3022 viri
846 2958 953 3034 docti,
975 2965 1126 3043 quasque¹
1141 2954 1226 3023 iltis

153 3071 208 3138 hie
236 3069 308 3136 illic
336 3076 395 3156 'per
420 3091 516 3156 opera
552 3092 620 3160 sua·
643 3071 811 3156 dispersas
826 3070 927 3156 'typis
955 3069 1196 3151 mandaverunt.

128 3253 129 3256 ,
152 3187 362 3253 Praesertim
375 3206 450 3249 vero
473 3184 527 3271 hic
544 3187 579 3251 in
601 3205 733 3250 censum
746 3185 836 3252 venit
851 3185 920 3261 vir,
945 3185 975 3248 si
995 3185 1069 3269 quis
1090 3183 1205 3264 alius,-

153 3300 332 3389 polyhistor
360 3299 536 3376 dicendus,
575 3296 614 3363 C.
647 3296 817 3383 Barthius,
847 3299 904 3385 qni
935 3297 972 3362 in
988 3295 1204 3370 ,Adversum

155 3438 214 3481 sua
235 3413 337 3480 rnulta
358 3414 495 3480 contulit
515 3415 555 3480 de
584 3412 749 3501 Querolo,
789 3413 985 3500 dignissima
997 3454 1008 3492 ,
1036 3426 1128 3499 quac
1144 3434 1202 3478 ac·

156 3532 300 3596 curatius
324 3530 550 3617 inspiciantur.
1299 3597 1302 3604 ,

200 3651 230 3729 5
254 3643 317 3709 lv.
363 3642 521 3710 ludicatis
554 3626 737 3718 subsidiis,
765 3588 891 3730 quibus
906 3640 947 3705 ad
960 3639 1041 3709 banc
1054 3583 1204 3732 qualem·

158 3782 283 3847 euinque
307 3758 482 3823 editionem
506 3755 720 3823 adornandam
747 3774 828 3834 usus
854 3773 945 3830 sum,
970 3750 1138 3836 sequitur,
1162 3765 1198 3816 nt
1244 3791 1247 3797 ·

157 3896 301 3962 moneam
311 3875 351 3938 de
360 3874 505 3950 ratione,
519 3893 581 3959 qna
595 3892 633 3948 ea
644 3866 825 3952 usurpanda
840 3863 1200 3940 esseaxistimaserim.

158 3987 282 4077 Verum
309 3990 408 4054 instat
440 3987 533 4071 prins
564 3983 652 4056 alind
678 3993 914 4082 sargumentum
945 3973 1205 4064 explicandum,
