2790 4824
148 313 194 359 XX
607 318 725 340 ‘'⁶¹¹⁸‘'

156 483 264 570 (quem
290 485 336 546 ita
353 503 430 568 prae
457 480 571 547 fiscine
593 472 700 551 dicere
714 479 824 572 liceat)
843 484 948 551 omnia
962 487 1088 573 recepi,
1111 508 1205 573 quae,

115 664 119 675 ,
156 596 249 674 vele
282 592 436 660 Codicum
463 594 602 661 lectione
620 595 673 661 vel
694 620 713 662 e
734 599 876 663 virorum
895 598 1055 663 doctorum
1069 602 1224 699 conice-¹

157 714 240 778 turis
264 710 460 776 emendanda
481 709 679 786 iudicabam,
707 709 878 777 ueletiam
901 713 993 797 ipse,
1020 725 1056 777 ut
1078 734 1199 779 sensus

155 846 218 890 nou
246 845 309 889 uuo
337 821 409 893 loco
428 823 546 889 mirum
571 825 607 888 iu
633 825 759 890 modum
782 825 1014 891 contaminatus
1031 824 1098 890 sibi
1121 849 1201 893 cou-

156 955 272 1019 staret,
293 939 353 1006 ‘hic
374 938 446 1006 illic
472 961 528 1025 pro
545 935 675 1025 vulgata
689 938 829 1005 lectione
843 942 1024 1025 reponenda
1035 938 1199 1026 putabam.

197 1054 308 1120 Prouti
348 1052 512 1142 duplicem
547 1051 693 1138 opusculi
737 1067 924 1120 contextum
965 1053 1199 1136 exhibuimus,

156 1169 317 1258 duplicem
350 1190 474 1256 quoque
503 1167 761 1255 subiungendum
796 1168 995 1234 censuimus
1016 1169 1203 1243 ‚adnotatio-

104 1290 107 1295 ’
153 1304 230 1351 num
259 1281 462 1349 fasciculum.
515 1279 653 1349 Scilicet
670 1279 753 1347 mihi
770 1283 843 1346 visa
860 1296 934 1360 est,
957 1285 1068 1349 nescio
1091 1299 1207 1379 utrum¹

155 1412 243 1467 recte
273 1420 333 1464 nec
357 1412 417 1475 ae',
446 1397 505 1463 sed
537 1410 643 1461 tamen
661 1397 734 1460 visa
759 1409 809 1460 est
828 1397 1052 1482 ingratissima
1071 1420 1203 1486 semper

156 1536 195 1579 aa
225 1511 326 1595 ratio,
358 1530 420 1597 qua
448 1509 690 1586 adnotationes,
718 1507 835 1595 quibus
857 1510 898 1575 de
920 1511 1006 1597 ipsit
1028 1525 1205 1607 momatur

158 1627 291 1704 verbis,
317 1646 434 1689 verene
456 1645 497 1689 an
525 1621 609 1688 falso
629 1622 669 1688 ab
694 1636 821 1688 auctore
837 1624 984 1710 'profecta
1001 1606 1202 1707 habeantur,

157 1742 288 1828 agitur,
316 1737 467 1827 (criticus
491 1735 566 1832 fere
588 1737 737 1824 dicunt),
768 1737 997 1835 immiscentur
1020 1740 1089 1817 iis,
1120 1762 1204 1827 quae

127 1880 128 1885 ¹
157 1851 266 1919 valent
288 1852 329 1916 ad
352 1849 582 1916 illustrandum
602 1870 734 1916 sensum
755 1872 883 1929 eorum,
904 1875 985 1940 qnae
1011 1855 1078 1921 iam
1096 1856 1206 1942 ipsius

155 1968 297 2035 auctoris
315 1987 390 2032 esse
410 1966 593 2035 creduntur.
638 1965 798 2052 Equidem
820 1969 924 2054 igitur
935 1969 1038 2054 primo
1060 1966 1206 2035 looohoc

157 2080 344 2147 tentandum
372 2100 446 2145 esse
472 2079 603 2168 putavi,
630 2091 666 2143 ut
692 2077 882 2160 lectionem,
911 2084 1016 2170 quoad
1027 2081 1206 2153 'eiusfieri

156 2209 285 2282 posset,
311 2208 430 2259 certam
445 2196 688 2261 constituerem:
713 2193 850 2261 alterum
875 2195 1011 2265 officium
1024 2176 1205 2265 illudmihi

156 2313 264 2377 visum
288 2324 361 2388 est,
384 2324 443 2387 ut,
474 2332 537 2397 quo
563 2312 671 2376 minas
700 2313 765 2376 ista
778 2310 877 2377 lectio
892 2310 944 2377 vel
958 2333 1021 2376 non
1038 2308 1206 2397 iutellige-

155 2439 263 2504 retur,
311 2425 365 2491 vel
409 2447 596 2512 perperam,
637 2426 847 2513 adiungerem
889 2423 1066 2503 nonnulla,
1119 2425 1207 2495 nuda

156 2539 242 2607 lucis
278 2538 405 2627 aliquid
430 2537 476 2622 (si
499 2541 564 2605 ista
589 2538 652 2605 lux
687 2540 824 2606 dicenda
850 2543 915 2628 est)
954 2539 1042 2605 edite
1076 2539 1205 2626 accipe,-

160 2669 244 2721 rent.
300 2653 389 2719 Hinc
415 2676 493 2741 ergo
513 2657 620 2720 varias
644 2652 799 2721 Codicum
817 2653 973 2720 lectiones
989 2667 1023 2719 et
1048 2649 1206 2719 Virorum

160 2759 333 2834 Doctorum
356 2770 554 2834 coniecturas
579 2766 678 2833 simul
696 2788 768 2832 cum
788 2767 984 2831 indicatione
1001 2762 1207 2851 glossam,

161 2883 192 2946 si
218 2904 299 2969 quae
330 2881 521 2948 manifestae
554 2883 728 2959 adessent,
755 2902 819 2944 uno
837 2878 994 2947 fasciculo
1012 2878 1204 2966 composui,

162 3017 284 3082 eaque,
304 2995 455 3081 qnoniam
473 3018 545 3062 cum
562 2996 725 3070 veteribus
741 2994 940 3060 editionibus
951 2991 1066 3059 collata
1077 3003 1207 3069 essent,

161 3125 195 3177 et
225 3112 265 3176 ad
289 3132 328 3175 ea
350 3130 485 3195 prorsus
510 3112 731 3198 pertinerent,
753 3112 789 3175 in
811 3111 939 3177 modum
953 3109 1105 3197 perpetui
1113 3127 1208 3188 ηοω·
1216 3092 1221 3102 ”

160 3225 311 3292 mentarii
355 3227 460 3306 veteri
506 3227 673 3291 contextui
711 3225 933 3313 subiungeuda
973 3226 1093 3313 curam
1126 3219 1210 3308 *Quo

160 3341 196 3404 in
217 3355 405 3426 argumento
425 3340 487 3407 hoc
499 3339 814 3406 animadvertendum
829 3341 980 3418 videturt
1001 3339 1109 3407 varias
1125 3336 1209 3412 istas

160 3453 329 3518 scribendi
352 3457 518 3534 rationes,
552 3477 634 3541 quae
661 3456 696 3520 iu
719 3453 810 3521 nullo
828 3476 890 3520 non
909 3468 1035 3521 vetusto
1051 3451 1168 3516 :codice
1189 3471 1211 3517 a

161 3565 308 3631 librariis
330 3590 388 3655 pro
407 3569 512 3637 lubitu
536 3585 708 3657 usurpatae
735 3584 827 3636 suntt
867 3574 971 3650 inicio
991 3565 1044 3641 val
1062 3569 1204 3647 indicio,

161 3682 340 3766 adgredior
361 3684 414 3751 vel
436 3686 629 3770 aggredior,
653 3686 813 3751 secuntur
831 3685 885 3751 vel
904 3690 1108 3772 sequuntur,
1125 3701 1210 3764 pre·

165 3804 242 3874 ter,
267 3795 320 3861 vel
335 3809 500 3881 praeter,
526 3815 559 3866 et
569 3799 711 3879 similia,
729 3822 770 3864 ne
784 3799 946 3890 inutiliter
958 3792 1211 3871 haecinmolem
1241 3785 1242 3789 ¹

162 3933 418 3995 excrescerent,
443 3938 527 3982 ame
540 3917 617 3983 sere
632 3938 706 3983 esse
732 3917 893 3994 omissus,
923 3935 961 3979 aa
992 3925 1061 3977 tum
1084 3910 1211 3993 demum

163 4047 449 4109 commemoratas,
480 4033 628 4119 siquod
661 4031 905 4120 discrimen'io
937 4027 1009 4112 ipso
1040 4023 1209 4098 verborum
